<?xml version="1.0" encoding="UTF-8"?><record xmlns="http://www.loc.gov/MARC21/slim" xmlns:cinclude="http://apache.org/cocoon/include/1.0" xmlns:zs="http://www.loc.gov/zing/srw/">
  <leader>00633cz  a2200157n  4500</leader>
  <controlfield tag="001">n  85255697 </controlfield>
  <controlfield tag="003">DLC</controlfield>
  <controlfield tag="005">20060927074849.0</controlfield>
  <controlfield tag="008">861208n| acannaab           |a aaa      </controlfield>
  <datafield tag="010" ind1=" " ind2=" ">
    <subfield code="a">n  85255697 </subfield>
  </datafield>
  <datafield tag="040" ind1=" " ind2=" ">
    <subfield code="a">DLC</subfield>
    <subfield code="c">DLC</subfield>
  </datafield>
  <datafield tag="100" ind1="1" ind2="0">
    <subfield code="a">Muravlenko, V. I.</subfield>
    <subfield code="q">(Viktor Ivanovich)</subfield>
  </datafield>
  <datafield tag="400" ind1="1" ind2="0">
    <subfield code="w">nna</subfield>
    <subfield code="a">Muravlenko, Viktor Ivanovich</subfield>
  </datafield>
  <datafield tag="670" ind1=" " ind2=" ">
    <subfield code="a">I︠U︡rasova, M. Nefti︠a︡nik, 1981:</subfield>
    <subfield code="b">leaf preceding t.p. (Viktor Ivanovich Muravlenko) USSR CIP data (V.I. Muravlenko)</subfield>
  </datafield>
  <datafield tag="670" ind1=" " ind2=" ">
    <subfield code="a">LC manual cat.</subfield>
    <subfield code="b">(hdg.: Muravlenko, Viktor Ivanovich; usage: V.I. Muravlenko)</subfield>
  </datafield>
  <datafield tag="670" ind1=" " ind2=" ">
    <subfield code="a">Neftʹ i gaz, 2002:</subfield>
    <subfield code="b">p. 2 of cover (Viktor Ivanovich Muravlenko, 1912-1977)</subfield>
  </datafield>
</record>